@inproceedings{BobergDesigningAvatars,
 author = {Boberg, Marion and Piippo, Petri and Ollila, Elina},
 title = {Designing Avatars},
 booktitle = {Proceedings of the 3rd International Conference on Digital Interactive Media in Entertainment and Arts},
 year = {2008},
 location = {Athens, Greece},
 pages = {232--239},
 url = {http://doi.acm.org.ezproxy.falmouth.ac.uk/10.1145/1413634.1413679},
 publisher = {ACM},
 address = {New York, NY, USA}
} 

@inproceedings{WhowantsThem,
 author = {Waern, Annika and Larsson, Anna and Ner{\'e}n, Carina},
 title = {Hypersexual Avatars: Who Wants Them?},
 booktitle = {Proceedings of the 2005 ACM SIGCHI International Conference on Advances in Computer Entertainment Technology},
 year = {2005},
 location = {Valencia, Spain},
 pages = {238--241},
 url = {http://doi.acm.org.ezproxy.falmouth.ac.uk/10.1145/1178477.1178516},
 publisher = {ACM},
 address = {New York, NY, USA}
} 

@inproceedings{ChangeDoWe,
 author = {Arne Schröder},
 title = {"We don't want it changed, do we?" - Gender and Sexuality in Role-Playing Games},
 year = {2008},
 pages = {241-256},
 url = {http://www.eludamos.org/index.php/eludamos/article/viewArticle/vol2no2-7/87},
 publisher = {Eludamos Journal for Computer Game Culture}
} 

@inproceedings{LikeAGirl,
 author = {Sara M. Grimes},
 title = {“You Shoot Like A Girl!”:
The Female Protagonist in
Action-Adventure Video Games},
 location = {Canada},
 pages = {1-15},
 url = {https://pdfs.semanticscholar.org/3530/a20409162a4cfcaf689414e4f1c30ab5e516.pdf},
 address = {Simon Fraser University}
} 

@inproceedings{RealBoys,
 author = {Esther MacCallum-Stewart},
 title = {Real Boys Carry Girly Epics: Norma
lising Gender Bending in Online Games },
 booktitle = {Eludamos. Journal for Computer Game Culture},
 year = {2008},
 pages = {27-40},
 url = {http://www.eludamos.org/index.php/eludamos/article/view/vol2no1-5/52},
 publisher = {Eludamos Journal for Computer Game Culture}
} 

@inproceedings{GenderMagz,
 author = {Miller, k. Monica and Summers, Alicia},
 title = {Gender Differences in Video Game Characters’ Roles, Appearances, and Attire as Portrayed in Video Game Magazines}, 
 booktitle = {Sex Rolls},
year = {2007},
 pages = {733-742},
 url = {http://link.springer.com/article/10.1007/s11199-007-9307-0},
 publisher = {Springer}
} 

@inproceedings{VideoGameMedia,
 author = {Dill, E., Karen and Thill, P., Kathryn},
 title = {Video Game Characters and the Socialization of Gender Roles: Young People’s Perceptions Mirror Sexist Media Depictions},
 booktitle = {Sex Rolls},
 year = {2007},
 pages = {851-864},
 url = {http://link.springer.com/article/10.1007/s11199-007-9278-1},
 publisher = {Springer}
} 

@inproceedings{SexualisationSTOP,
 author = {Stephen Jackson},
 title = {Sexualization in Video Games and Why People Should Stop Taking Offense [Online] Accessed on 17-11-2016 },
 year = {2016},
 url = {http://gamingrespawn.com/featured/7261/sexualization-video-games-and-why-people-should-stop-taking-offense/}
} 

@article{GenderSwapping,
Author = {Song, Haeyeop and Jung, Jaemin},
Journal = {Journal of Computer-Mediated Communication},
Pages = {434 - 449},
Title = {Antecedents and Consequences of Gender Swapping in Online Games.},
Volume = {20},
URL = {http://search.ebscohost.com.ezproxy.falmouth.ac.uk/login.aspx?direct=true&db=ufh&AN=108417413&site=ehost-live},
Year = {2015}
}

@article{DigitalGender,
Author = {Arthurs, Jane and Zacharias, Usha},
Journal = {Feminist Media Studies},
Pages = {97 - 110},
Title = {Digital games and gender},
Volume = {7},
URL = {http://search.ebscohost.com.ezproxy.falmouth.ac.uk/login.aspx?direct=true&db=ufh&AN=24153899&site=ehost-live},
Year = {2007}
}

@article{PlayingHabbits,
Author = {Ferguson, Christopher and Cruz, Amanda and Rueda, Stephanie},
Journal = {Sex Roles},
Pages = {279 - 286},
Title = {Gender, Video Game Playing Habits and Visual Memory Tasks.},
URL = {http://search.ebscohost.com.ezproxy.falmouth.ac.uk/login.aspx?direct=true&db=sih&AN=28526554&site=ehost-live},
Year = {2008},
}

@article{CerebrumProductivity,
author = { Shira   Chess },
title = {A 36-24-36 Cerebrum: Productivity, Gender, and Video Game Advertising},
journal = {Critical Studies in Media Communication},
pages = {230-252},
year = {2011},
URL = { http://dx.doi.org/10.1080/15295036.2010.515234}
}

@article{ThirdPerson,
Author = {Cruea, Mark and Park, Sung-Yeon},
Journal = {Media Psychology},
Pages = {44 - 67},
Title = {Gender Disparity in Video Game Usage: A Third-Person Perception-Based Explanation.},
URL = {http://search.ebscohost.com.ezproxy.falmouth.ac.uk/login.aspx?direct=true&db=ufh&AN=73325528&site=ehost-live},
Year = {2012}
}

@article{GenderSteriotype,
Author = {Behm-Morawitz, Elizabeth and Mastro, Dana},
Journal = {Sex Roles},
Pages = {808 - 823},
Title = {The Effects of the Sexualization of Female Video Game Characters on Gender Stereotyping and Female Self-Concept.},
URL = {http://search.ebscohost.com.ezproxy.falmouth.ac.uk/login.aspx?direct=true&db=sih&AN=45127786&site=ehost-live},
Year = {2009}
}

@article{Aggressive,
Author = {Dietz, Tracy L.},
Journal = {Sex Roles},
Pages = {425 - 442},
Title = {An Examination of Violence and Gender Role Portrayals in Video Games: Implications for Gender Socialization and Aggressive Behavior},
URL = {http://search.ebscohost.com.ezproxy.falmouth.ac.uk/login.aspx?direct=true&db=sih&AN=610113&site=ehost-live},
Year = {1998}
}
@article{ReduceGender,
Author = {Jing, Feng and Spence, Ian and Pratt, Jay},
Journal = {Psychological Science (0956-7976)},
Pages = {850 - 855},
Title = {Playing an Action Video Game Reduces Gender Differences in Spatial Cognition.},
URL = {http://search.ebscohost.com.ezproxy.falmouth.ac.uk/login.aspx?direct=true&db=bth&AN=26771877&site=ehost-live},
Year = {2007}
}

@article{MirrorSexist,
Author = {Dill, Karen E. and Thill, Kathryn P.},
Journal = {Sex Roles},
Pages = {851 - 864},
Title = {Video Game Characters and the Socialization of Gender Roles: Young People’s Perceptions Mirror Sexist Media Depictions},
URL = {http://search.ebscohost.com.ezproxy.falmouth.ac.uk/login.aspx?direct=true&db=sih&AN=27715516&site=ehost-live},
Year = {2007}
} 

@article{LaraPhenomenon,
Author = {Jansz, Jeroen and Martis, Raynel G.},
Journal = {Sex Roles},
Pages = {141 - 148},
Title = {The Lara Phenomenon: Powerful Female Characters in Video Games.},
URL = {http://search.ebscohost.com.ezproxy.falmouth.ac.uk/login.aspx?direct=true&db=sih&AN=24091378&site=ehost-live},
Year = {2007}
}

@article{SexistGames,
Author = {Breuer, Johannes and Kowert, Rachel and Festl, Ruth and Quandt, Thorsten},
Journal = {CyberPsychology, Behavior and Social Networking},
Pages = {197- - 202},
Title = {Sexist Games=Sexist Gamers? A Longitudinal Study on the Relationship Between Video Game Use and Sexist Attitudes},
URL = {http://search.ebscohost.com.ezproxy.falmouth.ac.uk/login.aspx?direct=true&db=bth&AN=102121611&site=ehost-live},
Year = {2015}
}
@book{Graner,
Author = {Ray, Graner,  Sheri},
Title = {Gender Inclusive Game Design},
Publisher = {Charles River Media Inc.},
Location = {Hingham, USA},
Year = {2004}
} 
@book{WomenAds,
Author = {Cortese, j., Anthony},
Title = {Provocateur: Images of Women and Minorities in Advertising},
Publisher = {Rowman and Littlefield},
Location = {USA},
Year = {2004}
} 

@article{SkinExpose,
 URL = {http://www.jstor.org/stable/3813404},
 author = {Karl Grammer, LeeAnn Renninger, Bettina Fischer},
 journal = {The Journal of Sex Research},
 pages = {66-74},
 publisher = {Taylor & Francis, Ltd.},
 title = {Disco Clothing, Female Sexual Motivation, and Relationship Status: Is She Dressed to Impress?},
 year = {2004}
}


